@Comment @String{LNCS = "Lecture Notes in Computer Science"}


@Article{Abr93,
  author =	 "Abramsky, S.",
  title =	 "Computational interpretations of Linear Logic",
  journal =	 "Theoretical Computer Science",
  year =	 1993,
  volume =	 111,
  number =	 "1--2",
  pages =	 "3--57",
  url =
                  "web.comlab.ox.ac.uk/oucl/work/samson.abramsky/cill.ps.gz"
}

@article{obda,
   title = "The Mastro System for Ontology-based Data Access",
   year = "2011",
  author = "Diego Calvanese and De Giacomo, Giuseppe and Domenico Lembo and Maurizio Lenzerini and Antonella Poggi and Mariano Rodriguez-Muro and Riccardo Rosati and Marco Ruzzi and Savo, Domenico Fabio",
   journal = "Semantic Web Journal",
   pages = "43-53",
   number = "1",
   volume = "2"
}

@article{chu92,
author =" Wesley W. Chu and Qiming Chen",
title = "Neighborhood and associative query answering ",
journal = " Journal of Intelligent Information Systems",
volume = "1",
number = "3-4", 
pages = "355-382",
year = "1992"
}


@inproceedings{hagedornS13,
  author    = {Stefan Hagedorn and
               Kai-Uwe Sattler},
  title     = {Discovery querying in linked open data},
  booktitle = {EDBT/ICDT Workshops},
  year      = {2013},
  pages     = {38-44}
}

@inproceedings{buscaldi,
author ={ Davide Buscaldi and  Paolo Rosso and Emilio Sanchis  Arnal},
title ={A wordnet-based query expansion method for geographical information retrieval},
booktitle={ Working notes for the CLEF workshop},
year={ 2005}}

@article{hollink,
author= {Laura Hollink and Schreiber  Guus and  Bob Wielinga},
title= {Patterns of semantic relations to improve image content search},
journal = {Web Semantics: Science, Services and Agents on the World Wide Web},
volume = "5.3",
year = {2007},
pages ={195-203}
}

@Article{ Gir87,
  author =	 "Girard, J.-Y.",
  title =	 "Linear Logic",
  journal =	 "Theoretical Computer Science",
  year =	 1987,
  volume =	 50,
  pages =	 "1--102"
}


@Article{EDI-INF-RR-1149,
  author =	 {Fiona McNeill and Alan Bundy },
  title =	 {Dynamic, automatic, first-order ontology repair by
                  diagnosis of failed plan execution},
  journal =	 {International Journal on Semantic Web and
                  Information Systems},
  year =	 2007,
  volume =	 3,
  pages =	 {1--35},
}

@Misc{govt-response-to-pitt,
  key =		 {defra},
  title =	 {The {G}overnment's Response to {Sir Michael
                  Pitt's} Review of the Summer 2007 Floods},
  howpublished = {DEFRA, HMSO, London},
  year =	 2009,
  url =
                  {http://www.defra.gov.uk/environ/fcd/floods07/pitt-progress090625.pdf}
}

@inproceedings { IIIA-2007-1588,
  title =	 {The {OpenKnowledge System}: an interaction-centered
                  approach to knowledge sharing},
  author =	 {Siebes, R. and Dupplaw, D. and Kotoulas, S. and
                  Perreau de Pinninck, A. and van Harmelen, F. and
                  Robertson, D},
  series =	 {LNCS},
  editor =	 {Robert Meersman and Zahir Tari},
  booktitle =	 {On the move to meaningful internet systems 2007},
  volume =	 4803,
  year =	 2007,
  pages =	 {381--390},
  publisher = {Springer},
  abstract =	 {The information that is made available through the
                  semantic web will be accessed through complex
                  programs (web-services, sensors, etc.) that may
                  interact in sophisticated ways. Composition guided
                  simply by the speci?cations of programs}
}

@Misc{pitt-report,
  key =          {Pitt},
  title =	 {The {Pitt} Review: Lessons learned from the 2007
                  floods},
  howpublished = {HMSO, London},
  year =	 2007,
  url =
                  {http://archive.cabinetoffice.gov.uk/pittreview/thepittreview/final_report.html}
}

@ARTICLE{DixonSmaillTsang:JLLI:2009,
  author =	 {L. Dixon and A. Smaill and T. Tsang},
  title =	 {Plans, Actions and Dialogue using Linear Logic},
  OPTjournal =	 {Journal of Logic, Language and Information},
  journal =	 {JoLLI},
  pages =	 {48},
  number =	 {2},
  volume =	 {18},
  publisher =	 {Springer},
  year =	 {2009},
  url =
                  {http://www.springerlink.com/openurl.asp?genre=article&id=doi:10.1007/s10849-008-9079-0}
}


@Misc{lee2001,
  author =	 {Berners-Lee, T. and Hendler, J. and Lassila, O.},
  title =	 {The Semantic Web},
  howpublished = {Scientific American},
  month =	 {May},
  year =	 2001,
  pages =        {35--43}
}


@ARTICLE{hanintelligentquery,
    author = {Jiawei Han and Yue Huang and Nick Cercone and Yongjian Fu},
    title = {Intelligent Query Answering by Knowledge Discovery Techniques},
    journal = {IEEE Transactions on Knowledge and Data Engineering},
    year = {1995},
    volume = {8},
    pages = "373-390"
}

@article{takeda2004,
  author =	 {H. Takeda},
  title =	 {Semantic web: a road to the knowledge infrastructure
                  on the internet},
  journal =	 {New Generation Computing},
  volume =	 {22},
  number =	 {4},
  year =	 {2004},
  issn =	 {0288-3635},
  pages =	 {395--413},
  publisher =	 {Ohmsha},
  address =	 {Tokyo, Japan, Japan},
}

% talks about services, providers, consumers and middle agents. 
@article{sycara1999,
  author =	 {K. Sycara and M. Klusch and S. Widoff and
                  J. Lu},
  title =	 {Dynamic service matchmaking among agents in open
                  information environments},
  journal =	 {SIGMOD Rec.},
  volume =	 {28},
  number =	 {1},
  year =	 {1999},
  issn =	 {0163-5808},
  pages =	 {47--53},
  doi =		 {http://doi.acm.org/10.1145/309844.309895},
  publisher =	 {ACM Press},
  address =	 {New York, NY, USA},
}


@article{Fouquere199661,
  title =	 "Linear Logic for Taxonomical Networks and Database
                  Updates Preliminary Report",
  journal =	 "Electronic Notes in Theoretical Computer Science",
  volume =	 3,
  pages =	 "61--74",
  year =	 1996,
  note =	 "Linear Logic 96 Tokyo Meeting",
  issn =	 "1571-0661",
  doi =		 "DOI: 10.1016/S1571-0661(05)80403-7",
  url =
                  "http://www.sciencedirect.com/science/article/B75H1-4G35F72-2G/2/59b6c73cb2be842534e6ac6e72c141b4",
  author =	 "Christophe Fouquer{\'e} and Jacqueline Vauzeilles"
}

@inproceedings{1514912,
  author =	 {S. Park and S. Hwang},
  title =	 {A logical account of uncertain databases based on
                  linear logic},
  booktitle =	 {ICDT '09: Proceedings of the 12th International
                  Conference on Database Theory},
  year =	 {2009},
  isbn =	 {978-1-60558-423-2},
  pages =	 {141--148},
  location =	 {St. Petersburg, Russia},
  doi =		 {http://doi.acm.org/10.1145/1514894.1514912},
  publisher =	 {ACM},
  address =	 {New York, NY, USA},
}

@article{N.BIDOIT06011996,
  author =	 {Bidoit, N. and Cerrito, S. and Froidevaux, C.},
  title =	 {A Linear Logic Approach to Consistency Preserving
                  Updates},
  journal =	 {J Logic Computation},
  volume =	 {6},
  number =	 {3},
  pages =	 {439-463},
  doi =		 {10.1093/logcom/6.3.439},
  year =	 {1996},
  URL =
                  {http://logcom.oxfordjournals.org/cgi/content/abstract/6/3/439},
  eprint =
                  {http://logcom.oxfordjournals.org/cgi/reprint/6/3/439.pdf}
}

@Article{McNeill-webservices-09,
  author =	 {Fiona McNeill and Paolo Besana and Juan Pane and Fausto
                  Giunchiglia},
  title =	 {Service Integration through Structure-preserving
                  Semantic Matching},
  journal =	 {Cases on Semantic Interoperability for Information
                  Systems Integration},
  editor =	 { Yannis Kalfoglou },
  publisher =	 {IGI Global},
  year =	 2009
}

@Article{ McNeill07ijswis,
  author =	 "McNeill, F. and Bundy, A.",
  title =	 "Dynamic, automatic, first-order ontology repair by
                  diagnosis of failed plan execution",
  journal =	 "IJSWIS",
  year =	 "2007",
  pages =	 "1--35",
  volume =	 "3",
  number =	 "3",
  publisher =	 "IGI Publishing",
  note =	 "Special issue on ontology matching."
}

@InProceedings{giunchiglia07structure,
  author =	 {Fausto Giunchiglia and Mikalai Yatskevich and Fiona
                  McNeill},
  title =	 {Structure preserving semantic matching},
  booktitle =	 {Proceedings of the ISWC workshop on Ontology
                  Matching},
  year =	 2007,
  month =	 {November}
}



@inproceedings{spsm,
     author = {Fausto Giunchiglia and
     Fiona McNeill and
     Mikalai Yatskevich and
     Juan Pane and
     Paolo Besana and
     Pavel Shvaiko},
     title = {Approximate {S}tructure-{P}reserving {S}emantic {M}atching},
     booktitle = {7th {I}nternational {C}onference on {O}ntologies, {D}atabases and {A}pplications of {S}emantics ({ODBASE}) },
     year = {2008},
     month= {November},
     pages = {1217-1234}
}

@InProceedings{johnson09MobileComms,
  author =	 "C. W. Johnson",
  title =	 {Information Management for Mobile Communications in
                  the European Floods of 2007},
  booktitle =	 {Mobile Response},
  pages =	 {1--11},
  year =	 2009,
  _editor =	 {J. L{\"o}ffler and M. Klann},
  _number =	 5424,
  _series =	 LNCS,
  note =         {LNCS no.\ 5424}
}

@inProceedings{johnon08Failures,
  author =	 "C. W. Johnson",
  title =	 "Understanding Failures in International
                  Infrastructures: A Comparison of Major Blackouts in
                  {North America} and {Europe}",
  booktitle =	 "ISSC",
  OPTbooktitle =	 "Proceedings of the 26th International Conference on
                  Systems Safety",
  OPTaddress =	 "Vancouver, Canada",
  OPTeditor =	 "R.J. Simmons and others",
  year =	 2008
}


@article{johnson08Evacuation,
  author =	 "C. W. Johnson",

  title =	 "Using Evacuation Simulations to Ensure the Safety
                  and Security of the 2012 {O}lympic Venues",
  journal =	 "Safety Science",
  volume =       46,
  number =       2,
  pages =	 "302--322",
  year =	 2008
}

@inProceedings{johnson08Extending,
  author =	 "C.W. Johnson and L. Nilsen-Nygaard",
  title =	 "Extending the Use of Evacuation Simulators to
                  Support Counter-Terrorism: Using Models of Human
                  Behaviour to Coordinate Emergency Responses to
                  Improvised Explosive Devices",
  booktitle =	 "ISSC",
  OPTbooktitle =	 "Proceedings of the 26th International Conference on
                  Systems Safety",
  address =	 "Vancouver, Canada",
  OPTeditor =	 "R.J. Simmons and others",
  year =	 2008
}

 
@incollection {roa05Survery,
  author =	 {Rao, J and Su, X},
  affiliation =	 {Norwegian University of Science and Technology,
                  Department of Computer and Information Science,
                  N-7491, Trondheim, Norway},
  title =	 {A Survey of Automated Web Service Composition
                  Methods},
  booktitle =	 {Semantic Web Services and Web Process Composition},
  _series =	 {LNCS},
  _editor =	 {Cardoso, J and Sheth, A},
  publisher =	 {Springer},
  pages =	 {43--54},
  _volume =	 {3387},
  year =	 {2005},
  note =         {LNCS no.\ 3387}
}

@book{nau04Planning,
  author =	 {Nau, D and Ghallab, M and Traverso, P},
  title =	 {Automated Planning: Theory \& Practice},
  year =	 {2004},
  isbn =	 {1558608567},
  publisher =	 {Morgan Kaufmann Publishers Inc.},
  address =	 {San Francisco, CA, USA},
}

@article{trust,
author ={Nardine Osman and Carles Sierra and Fiona McNeill and Juan Pane and John Debenhaml},
title = {Trust and {M}atching {A}lgorithms for {S}electing {S}uitable {A}gents},
journal = {{ACM} {T}ransactions on {I}ntelligent {S}ystems and {T}echnology ({TIST})},
year= {in press}
}



@Article{McNeill10Facilitating,
  author =	 {Fiona McNeill and Alan Bundy},
  title =	 {Facilitating Virtual Interaction through Flexible Representation.},
  journal =	 {Encyclopedia of E-Business Development and Management in the Global Economy},
  editor =	 {In Lee},
  publisher =	 {IGI Global},
  year =	 2010
}

@book{euzenat2007b,
        author          =       {J\'er\^ome Euzenat and Pavel Shvaiko},
        title           =       {Ontology matching},
        language        =       {english},
        page            =       341,
        publisher       =       {Springer-Verlag},
        address         =       {Heidelberg (DE)},
        year            =       2007,
        isbn            =       {3-540-49611-4}}


@Article{ Bundy06ieee,
  author =	 "Bundy, A. and McNeill, F.",
  title =	 "Representation as a Fluent: An {AI} challenge for
                  the next half century",
  journal =	 "IEEE Intelligent Systems",
  year =	 "2006",
  pages =	 "85-87",
  volume =	 "21",
  number =	 "3",
  publisher =	 "IEEE"
}

@TechReport{ genesereth92knowledge,
  author =	 "Genesereth, M. R. and Fikes, R. E.",
  title =	 "{Knowledge Interchange Format, Version 3.0 Reference
                  Manual}",
  number =	 "Logic-92-1",
  institution =	 "Stanford",
  address =	 "CA, USA",
  year =	 "1992",
  url =		 "citeseer.nj.nec.com/genesereth92knowledge.html"
}

@article{treematching,
author = {Dennis Shasha and Kaizhong Zhang},
title ={Approximate {T}ree {P}attern {M}atching},
journal ={In Pattern Matching Algorithms},
pages ="341-371",
publisher ={Oxford {U}niversity {P}ress},
year ={1997}
} 

@article{Shvaiko12Ontology,
 title = " Ontology matching: state of the art and future challenges",
 author = "Pavel Shvaiko and J{\'e}r{\^o}me Euzenat",
 journal = " I{EEE} Transactions on Knowledge and Data Engineering",
 year = 2012
 }

 @article{EuzenatMSSS11,
  author    = {J{\'e}r{\^o}me Euzenat and Christian Meilicke and Heiner Stuckenschmidt and Pavel Shvaiko and C{\'a}ssia Trojahn dos Santos},
  title     = {Ontology Alignment Evaluation Initiative: Six Years of Experience},
  journal   = {J. Data Semantics},
  volume    = {15},
  year      = {2011},
  pages     = {158-192}
}